@article{angeris2019analysis,
  title={An analysis of Uniswap markets},
  author={Angeris, Guillermo and Kao, Hsien-Tang and Chiang, Rei and Noyes, Charlie and Chitra, Tarun},
  journal={arXiv preprint arXiv:1911.03380},
  year={2019}
}
@misc{adams2021uniswap,
  title={Uniswap v3 core},
  author={Adams, Hayden and Zinsmeister, Noah and Salem, Moody and Keefer, River and Robinson, Dan},
  year={2021},
  publisher={Technical report, Tech. rep., Uniswap}
}
@article{martinelli2019non,
  title={A non-custodial portfolio manager, liquidity provider, and price sensor},
  author={Martinelli, Fernando and Mushegian, Nikolai},
  journal={URl: https://balancer. finance/whitepaper},
  year={2019}
}
@article{niemerg2020yieldspace,
  title={YieldSpace: An Automated Liquidity Provider for Fixed Yield Tokens},
  author={Niemerg, Allan and Robinson, Dan and Livnev, Lev},
  journal={Retrieved Feb},
  volume={24},
  pages={2021},
  year={2020}
}
@techreport{egorov2021automatic,
  title={Automatic market-making with dynamic peg},
  author={Egorov, Michael},
  year={2021},
  institution={Technical report, Curve Finance}
}
@article{angeris2021replicating,
  title={Replicating market makers},
  author={Angeris, Guillermo and Evans, Alex and Chitra, Tarun},
  journal={arXiv preprint arXiv:2103.14769},
  year={2021}
}
@article{sterrett2022replicating,
  title={Replicating Portfolios: Constructing Permissionless Derivatives},
  author={Sterrett, Estelle and Jepsen, Waylon and Kim, Evan},
  journal={arXiv preprint arXiv:2205.09890},
  year={2022}
}
@article{sterrett2022replicating,
  title={Replicating Portfolios: Constructing Permissionless Derivatives},
  author={Sterrett, Estelle and Jepsen, Waylon and Kim, Evan},
  journal={arXiv preprint arXiv:2205.09890},
  year={2022}
}

@article{chitra2021liveness,
  title={How Liveness Separates CFMMs and Order Books},
  author={Chitra, Tarun and Angeris, Guillermo and Evans, Alex},
  journal={URl: https://stanford.edu/~guillean/papers/cfmm-ob.pdf},
  year={2021}
}